<record><leader>00000cas a2200000 a 4500</leader><controlfield tag="001">35650190</controlfield><controlfield tag="008">960928d19931994iluwr ne      0   a0eng c</controlfield><datafield ind1=" " ind2=" " tag="010"><subfield code="a">sn 96070094 </subfield></datafield><datafield ind1=" " ind2=" " tag="040"><subfield code="a">CVF</subfield><subfield code="b">eng</subfield><subfield code="c">CVF</subfield><subfield code="d">OCLCQ</subfield><subfield code="d">OCLCF</subfield><subfield code="d">NVF</subfield><subfield code="d">OCLCO</subfield><subfield code="d">NVF</subfield><subfield code="d">OCL</subfield></datafield><datafield ind1="1" ind2=" " tag="029"><subfield code="a">AU@</subfield><subfield code="b">000013095786</subfield></datafield><datafield ind1=" " ind2=" " tag="042"><subfield code="a">pcc</subfield></datafield><datafield ind1=" " ind2=" " tag="043"><subfield code="a">n-us-il</subfield></datafield><datafield ind1="0" ind2=" " tag="130"><subfield code="a">Herald (Chicago, Ill. : 1993)</subfield></datafield><datafield ind1="1" ind2="4" tag="245"><subfield code="a">The herald.</subfield></datafield><datafield ind1=" " ind2=" " tag="260"><subfield code="a">Chicago, Ill. :</subfield><subfield code="b">Lakeview Pub.,</subfield><subfield code="c">1993-1994.</subfield></datafield><datafield ind1=" " ind2=" " tag="300"><subfield code="a">volumes</subfield></datafield><datafield ind1=" " ind2=" " tag="310"><subfield code="a">Weekly</subfield></datafield><datafield ind1="0" ind2=" " tag="362"><subfield code="a">Vol. 3, no. 16 (Jan. 28, 1993)-v. 4, no. 15 (Jan. 25, 1994).</subfield></datafield><datafield ind1=" " ind2=" " tag="580"><subfield code="a">Formed by the union of: Hegewisch herald and: East Side times.</subfield></datafield><datafield ind1=" " ind2="0" tag="650"><subfield code="a">Community newspapers</subfield><subfield code="z">Illinois</subfield><subfield code="z">Chicago.</subfield></datafield><datafield ind1=" " ind2="0" tag="651"><subfield code="a">Calumet City (Ill.)</subfield><subfield code="v">Newspapers.</subfield></datafield><datafield ind1=" " ind2="0" tag="651"><subfield code="a">South Chicago (Chicago, Ill.)</subfield><subfield code="v">Newspapers.</subfield></datafield><datafield ind1=" " ind2="0" tag="651"><subfield code="a">Burnham (Ill.)</subfield><subfield code="v">Newspapers.</subfield></datafield><datafield ind1=" " ind2="0" tag="651"><subfield code="a">East Side (Chicago, Ill.)</subfield><subfield code="v">Newspapers.</subfield></datafield><datafield ind1=" " ind2="0" tag="651"><subfield code="a">Hegewisch (Chicago, Ill.)</subfield><subfield code="v">Newspapers.</subfield></datafield><datafield ind1=" " ind2="7" tag="655"><subfield code="a">Newspapers.</subfield><subfield code="2">fast</subfield><subfield code="0">(OCoLC)fst01423814</subfield></datafield><datafield ind1=" " ind2="7" tag="650"><subfield code="a">Community newspapers.</subfield><subfield code="2">fast</subfield><subfield code="0">(OCoLC)fst00871103</subfield></datafield><datafield ind1=" " ind2="7" tag="651"><subfield code="a">Illinois</subfield><subfield code="z">Burnham.</subfield><subfield code="2">fast</subfield><subfield code="0">(OCoLC)fst01872038</subfield></datafield><datafield ind1=" " ind2="7" tag="651"><subfield code="a">Illinois</subfield><subfield code="z">Calumet City.</subfield><subfield code="2">fast</subfield><subfield code="0">(OCoLC)fst01277875</subfield></datafield><datafield ind1=" " ind2="7" tag="651"><subfield code="a">Illinois</subfield><subfield code="z">Chicago.</subfield><subfield code="2">fast</subfield><subfield code="0">(OCoLC)fst01204048</subfield></datafield><datafield ind1=" " ind2="7" tag="651"><subfield code="a">Illinois</subfield><subfield code="z">Chicago</subfield><subfield code="z">East Side.</subfield><subfield code="2">fast</subfield><subfield code="0">(OCoLC)fst01926119</subfield></datafield><datafield ind1=" " ind2="7" tag="651"><subfield code="a">Illinois</subfield><subfield code="z">Chicago</subfield><subfield code="z">Hegewisch.</subfield><subfield code="2">fast</subfield><subfield code="0">(OCoLC)fst01328254</subfield></datafield><datafield ind1=" " ind2="7" tag="651"><subfield code="a">Illinois</subfield><subfield code="z">Chicago</subfield><subfield code="z">South Chicago.</subfield><subfield code="2">fast</subfield><subfield code="0">(OCoLC)fst01314495</subfield></datafield><datafield ind1=" " ind2=" " tag="752"><subfield code="a">United States</subfield><subfield code="b">Illinois</subfield><subfield code="c">Cook County</subfield><subfield code="d">Chicago.</subfield></datafield><datafield ind1="1" ind2="4" tag="780"><subfield code="t">Hegewisch herald</subfield><subfield code="w">(DLC)sn 97062001</subfield><subfield code="w">(OCoLC)35597972</subfield></datafield><datafield ind1="1" ind2="4" tag="780"><subfield code="t">East Side times (Chicago, Ill.)</subfield><subfield code="w">(DLC)sn 96070092</subfield><subfield code="w">(OCoLC)35650288</subfield></datafield><datafield ind1="0" ind2="0" tag="785"><subfield code="t">South Chicago herald</subfield><subfield code="w">(DLC)sn 96070103</subfield><subfield code="w">(OCoLC)36299406</subfield></datafield></record>